% This file was created with JabRef 2.10.
% Encoding: UTF-8


@Misc{ouc,
  Title                    = {中国海洋大学 --- {W}ikipedia{,} The Free Encyclopedia},

  Author                   = {Wikipedia},
  Note                     = {[Online; accessed 20-May-2015]},
  Year                     = {2015},

  Url                      = {https://zh.wikipedia.org/w/index.php?oldid=35561223}
}

@article{DBLP:journals/corr/DaiHLRS16,
	author    = {Jifeng Dai and
	Kaiming He and
	Yi Li and
	Shaoqing Ren and
	Jian Sun},
	title     = {Instance-sensitive Fully Convolutional Networks},
	journal   = {CoRR},
	volume    = {abs/1603.08678},
	year      = {2016},
	url       = {http://arxiv.org/abs/1603.08678},
	archivePrefix = {arXiv},
	eprint    = {1603.08678},
	timestamp = {Mon, 13 Aug 2018 16:48:34 +0200},
	biburl    = {https://dblp.org/rec/journals/corr/DaiHLRS16.bib},
	bibsource = {dblp computer science bibliography, https://dblp.org}
}