% This file was created with JabRef 2.10.
% Encoding: UTF-8


@Misc{wiki:ouc,
  Title                    = {中国海洋大学 --- {W}ikipedia{,} The Free Encyclopedia},

  Author                   = {Wikipedia},
  Note                     = {[Online; accessed 20-May-2015]},
  Year                     = {2015},

  Url                      = {https://zh.wikipedia.org/w/index.php?oldid=35561223}
}

